% A great place to put references that don't export properly from your reference manager. Just make sure to use the correct key when citing so Latex doesn't accidentally cite the incorrect version in your main bibliography file. I also put R package citations here.
%
@article{andersen_measurement_1996_correct, % <---- this is the key
	title = {Measurement of the velocity-profile in and above a forest of \textit{Laminaria hyperborea}},
	volume = {81},
	issn = {0036-4827},
	url = {https://doi.org/10.1080/00364827.1996.10413621},
	pages = {193--196},
	number = {3},
	journaltitle = {Sarsia},
	author = {Andersen, Ken Haste and Mork, Martin and Nilsen, Jan Even {\O}ie Nilsen}, % <---- this O character is why this is here
	urldate = {2023-06-19},
	date = {1996},
}